@manual{DCE,
	title = "DCE 1.1: Remote Procedure Call",
	organisation = "The Open Group",
	year = 1997,
	address = "Berkshire, UK"
}

@book{javadb,
	author = "Gunter Saake and Kai-Uwe Sattler",
	title = "Datenbanken \& Java: JDBC, SQLJ und ODMG",
	publisher = "dpunkt Verlag",
	series = "iX Edition",
	year = "2000",
	address = "Heidelberg",
	isbn = "3-932588-54-1",
}

@book{uml,
	author = "Jason T. Roff",
	title = "UML: Das mitp Standardwerk zur professionellen Softwareentwicklung",
	publisher = "mitp-Verlag",
	series = "IT Studienausgabe",
	year = "2004",
	address = "Bonn",
	isbn = "3-8266-1523-9",
}

@book{objmod,
	author = "Max Vetter",
	title = "Objektmodellierung: eine Einführung in die objektorientierte Analyse und das objektorientierte Design",
	publisher = "Teubner",
	series = {Leitfäden der Informatik},
	year = "1995",
	address = "Stuttgart",
	isbn = "3-519-02143-9",
}

@book{bspdb,
	author = "Helmut Jarosch",
	title = "Datenbanken: Eine beispielhafte Einführung für Studenten und Praktiker",
	publisher = "Vieweg",
	year = "2002",
	address = "Braunschweig/Wiesbaden",
	isbn = "3-528-05800-5",
}


@book{generate,
	author = "Christoph Niemann",
	title = "Datenbankfähige Client/Server Anwendungen: Generierung aus OOA-Modellen",
	publisher = "Spektrum Akademischer Verlag",
	series = "Forschung in der Softwaretechnik",
	year = "2000",
	address = "Heidelberg; Berlin",
	isbn = "3-8274-0549-1",
}

@inproceedings{dood90,
	author = {Malcom Atkinson and David {De Witt} and David Maier and Fran\c{c}ois Banicilhon and Klaus Dittrich and Stanley Zdonik},
	title = {The Object-Oriented Database System Manifesto},
	booktitle = {Building an Object-Oriented Database System},
	year = 1990,

	editor = {Won Kim and Jean-Marie Nicolas and Shojiro Nishio},
	publisher = {Elsevier Sience Publishers B.V.},
	address = {North-Holland},
	pages = {223-240},
}

@article{3rdGen,
	author = {The Committee for Advanced DBMS Function},
	title = {Third-generation database system manifesto},
	journal = {SIGMOD Rec.},
	volume = {19},
	number = {3},
	year = {1990},
	issn = {0163-5808},
	pages = {31--44},
	doi = {http://doi.acm.org/10.1145/101077.390001},
	publisher = {ACM Press},
	address = {New York, NY, USA},
}

@article{normalforms,
author = {William Kent},
title = {A simple guide to five normal forms in relational database theory},
journal = {Commun. ACM},
volume = {26},
number = {2},
year = {1983},
issn = {0001-0782},
pages = {120--125},
doi = {http://doi.acm.org/10.1145/358024.358054},
publisher = {ACM Press},
address = {New York, NY, USA},
}

@manual{beans101,
	title = "JavaBeans API Specification",
	editor = "Graham Hamilton",
	organization = "Sun Microsystems",
	address = "Mountain View",
	note = "Version 1.01-A",
	month = "August",
	year = 1997,
	url = "http://java.sun.com/products/javabeans/docs/spec.html"
	
}

@manual{juc,
	title = "Concurrency Utilities",
	organization = "Sun Microsystems, Inc.",
	note = "Abgerufen am 16. 5. 2007",
	year = 2004,
	url = "http://java.sun.com/j2se/1.5.0/docs/guide/concurrency/index.html"
}

@manual{jdbc4,
	title="JDBC 4.0 Specification --- JSR 221",
	author = "Lance Andersen",
	organisation = "Sun Microsystems",
	address = "Sanda Clara, California",
	year = 2006,
	url = "http://jcp.org/aboutJava/communityprocess/final/jsr221/index.html"
}

@manual{japex,
	title="Japex -- Version 1.0.26",
	author = "Santiago Pericas-Geertsen <Santiago.PericasGeertsen@sun.com>",
	organisation = "Sun Microsystems",
	year = 2006,
	url = "https://japex.dev.java.net/docs/manual.html"
}

@manual{javaser,
	title = "Java Object Serialization Specification",
	organization = "Sun Microsystems",
	address = "Palo Alto, California",
	url = "http://java.sun.com/j2se/1.5.0/docs/guide/serialization/spec/serialTOC.html",
	note = "Version 1.5.0",
	year = "2003"
}
	
@manual{javaapi,
	title = "Java 2 Platform Standard Ed. 5.0",
	organization = "Sun Microsystems",
	address = "Mountain View",
	url = "http://java.sun.com/j2se/1.5.0/docs/api/index.html"
}
	
@manual{simpleorm,
	title = "SimpleORM White Paper",
	author = "Dr. Anthony Berglas",
	year = 2005,
	url = "http://www.simpleorm.org/whitepaper.html"
}

@manual{hibernate,
	title = "Hibernate Reference Documentation",
	note = "Version 3.2.4",
	organization = "hibernate.org",
	url = "http://www.hibernate.org/"
}

@manual{hibtools,
	title = "Hibernate Tools",
	organization = "hibernate.org",
	url = "http://tools.hibernate.org/"
}

@manual{postgres,
	title = "PostgreSQL 8.1.8 Documentation",
	organization = "The PostgreSQL Global Development Group",
	url = "http://www.postgresql.org/docs/8.1/interactive/index.html"
}

	
@manual{ieee754,
	title = "IEEE Standard for Binary Floating-Point Arithmetic, ANSI/IEEE Standard 754-1985",
	organization = "IEEE Standards Committee 754",
	address = "Institute of Electrical and Electronics Engineers, New York",
	year = 1985,
	note = "Reprinted in SIGPLAN Notices, 22(2):9-25, 1987"
}
	
@mastersthesis{folksonomy,
	title = "Folksonomy",
	author = "Christine Albrecht",
	school = "Technische Universität Wien",
	year = 2006,
	month = "März",
	type = "Diplomarbeit"
}

# From http://liinwww.ira.uka.de/bibliography/Database/sqlbooks.html
@String{pub-ISO                 = "International Organization for
                                  Standardization"}
@String{pub-ISO:adr             = "Geneva, Switzerland"}
@String{ack-nhfb = "Nelson H. F. Beebe,
                    University of Utah,
                    Department of Mathematics, 110 LCB,
                    155 S 1400 E RM 233,
                    Salt Lake City, UT 84112-0090, USA,
                    Tel: +1 801 581 5254,
                    FAX: +1 801 581 4148,
                    e-mail: \path|beebe@math.utah.edu|,
                            \path|beebe@acm.org|,
                            \path|beebe@computer.org| (Internet),
                    URL: \path|http://www.math.utah.edu/~beebe/|"}

@Book{SQL92,
  author =       "{International Organization for Standardization}",
  title =        "{ISO\slash IEC} 9075:1992: Title: Information
                 technology --- Database languages --- {SQL}",
  publisher =    pub-ISO,
  address =      pub-ISO:adr,
  pages =        "587",
  year =         "1992",
  bibdate =      "Wed Jul 01 11:02:07 1998",
  acknowledgement = ack-nhfb
}

@book{SQL99,
  author =       "{International Organization for Standardization}",
  title =        "{ISO\slash IEC} 9075-1:1999: Title: Information
                 technology --- Database languages --- {SQL} --- Part 1: Framework",
  publisher =    pub-ISO,
  address =      pub-ISO:adr,
  year = 1999,
}
@book{SQL03,
  author =       "{International Organization for Standardization}",
  title =        "{ISO\slash IEC} 9075-1:2003: Title: Information
                 technology --- Database languages --- {SQL} --- Part 1: Framework",
  publisher =    pub-ISO,
  address =      pub-ISO:adr,
  year = 2003,
}

